book{NoSQL,
	author       = {Pramod J. Sadalage and Martin Fowler},
	title        = {NoSQL Distilled},
	publisher    = {Addison-Wesley Professional},
	date         = {2012-08-18},
	keywords     = {Database},
}

online{neo4j,
	title        = {What is a Graph Database?},
	author       = {{Neo4j, Inc.}},
	year         = 2018,
	urldate      = {2018-03-26},
	url          = {https://neo4j.com/developer/graph-database/},
	keywords     = {neo4j graph database},
}
